<?xml version="1.0" encoding="UTF-8"?><collection xmlns="http://www.loc.gov/MARC21/slim"><record><leader>00430nam--2200157-i-4500</leader><controlfield tag="001">000012329</controlfield><controlfield tag="002">20161230</controlfield><controlfield tag="005">20170114231840</controlfield><controlfield tag="008">060222s1000------------r-----000-0-eng-d</controlfield><datafield ind1="1" ind2=" " tag="100"><subfield code="a">Friedman, Avner</subfield></datafield><datafield ind1=" " ind2=" " tag="245"><subfield code="a">Probability and mathematical statistics a series of monographs and textbooks</subfield></datafield><datafield ind1=" " ind2=" " tag="260"><subfield code="a">New York</subfield><subfield code="b">Academic Press</subfield><subfield code="c">1968</subfield></datafield><datafield ind1=" " ind2=" " tag="490"><subfield code="v">Vol. 1</subfield></datafield><datafield ind1=" " ind2=" " tag="700"><subfield code="a">Lukacs, E</subfield></datafield><datafield ind1=" " ind2=" " tag="852"><subfield code="a">37584</subfield></datafield><datafield ind1=" " ind2=" " tag="CAT"><subfield code="a">SYS</subfield><subfield code="c">20170114</subfield><subfield code="h">231840</subfield></datafield></record></collection>